<?xml version="1.0" encoding="UTF-8"?><record xmlns="http://www.loc.gov/MARC21/slim" xmlns:cinclude="http://apache.org/cocoon/include/1.0" xmlns:zs="http://www.loc.gov/zing/srw/">
  <leader>01091cz  a2200229n  4500</leader>
  <controlfield tag="001">no 94037129 </controlfield>
  <controlfield tag="003">DLC</controlfield>
  <controlfield tag="005">20131106073736.0</controlfield>
  <controlfield tag="008">941020n| azannaabn          |a ana     c</controlfield>
  <datafield tag="010" ind1=" " ind2=" ">
    <subfield code="a">no 94037129 </subfield>
  </datafield>
  <datafield tag="035" ind1=" " ind2=" ">
    <subfield code="a">(OCoLC)oca03705961</subfield>
  </datafield>
  <datafield tag="040" ind1=" " ind2=" ">
    <subfield code="a">MH</subfield>
    <subfield code="b">eng</subfield>
    <subfield code="e">rda</subfield>
    <subfield code="c">MH</subfield>
    <subfield code="d">DLC</subfield>
    <subfield code="d">UPB</subfield>
  </datafield>
  <datafield tag="046" ind1=" " ind2=" ">
    <subfield code="s">1991</subfield>
  </datafield>
  <datafield tag="110" ind1="2" ind2=" ">
    <subfield code="a">Národné divadelné centrum (Bratislava, Slovakia)</subfield>
  </datafield>
  <datafield tag="368" ind1=" " ind2=" ">
    <subfield code="a">Professional associations</subfield>
    <subfield code="2">lcsh</subfield>
  </datafield>
  <datafield tag="370" ind1=" " ind2=" ">
    <subfield code="e">Bratislava (Slovakia)</subfield>
    <subfield code="2">naf</subfield>
  </datafield>
  <datafield tag="410" ind1="2" ind2=" ">
    <subfield code="a">National Theatre Centre (Bratislava, Slovakia)</subfield>
  </datafield>
  <datafield tag="410" ind1="2" ind2=" ">
    <subfield code="a">NDC</subfield>
  </datafield>
  <datafield tag="510" ind1="2" ind2=" ">
    <subfield code="w">r</subfield>
    <subfield code="i">Predecessor:</subfield>
    <subfield code="a">Ústav umeleckej kritiky a divadelnej dokumentácie</subfield>
  </datafield>
  <datafield tag="670" ind1=" " ind2=" ">
    <subfield code="a">Divadlá na Slovensku v sezóne 1991/1992:</subfield>
    <subfield code="b">verso of t.p. (Národné divadelné centrum)</subfield>
  </datafield>
  <datafield tag="670" ind1=" " ind2=" ">
    <subfield code="a">Radošinské naivné divadlo, 1993?</subfield>
    <subfield code="b">colophon (Národné divadelné centrum, Bratislava; National Theatre Centre, Bratislava; NDC)</subfield>
  </datafield>
  <datafield tag="670" ind1=" " ind2=" ">
    <subfield code="a">Ministerstvo kultúry SR, divadelný ústav, via WWW, November 4, 2013</subfield>
    <subfield code="b">(Ústav umeleckej kritiky a divadelnej dokumentácie, established in 1984, renamed 1991 into Národné divadelné centrum)</subfield>
  </datafield>
</record>